
@misc{LastImage,
      author = "ShopSavvy",
      title = "Based on 16 Million Barcode Scans by Smartphone Users, ShopSavvy Reveals the Hottest Gifts for the 2010 Holiday Season",
      month = "November",
      year = "2010",
      url = "http://www.prweb.com/releases/ShopSavvy/BarcodeScans/prweb4775174.htm"
}

@misc{BeforeLast,
      author = "Wikimedia",
      title = "VIUscan handheld 3D scanner",
      month = "December",
      year = "2010",
      url = "http://commons.wikimedia.org/wiki/File:VIUscan_handheld_3D_scanner_in_use.jpg"
}


@misc{First,
      author = " JIMMY WOHL",
      title = "3D Scanning",
      month = "December",
      year = "2013",
      url = "http://www.makerbot.com/blog/category/scanner/3d-scanning/"
}


