@misc{Second-Screen-Def,
author = {Cory Janssen},
title = {Second Screen},
note = {\url { http://www.techopedia.com/definition/29212/second-screen} (last accessed on  04/11/2013)}
}